@book{park2011interface,
  title={Interface Science and Composites},
  author={Park, S.J. and Seo, M.K.},
  isbn={9780123750495},
  lccn={2011293031},
  series={Interface Science and Technology},
  url={https://books.google.nl/books?id=DewhZ53WgLwC},
  year={2011},
  publisher={Elsevier Science}
}

@book{HighPerformanceTextiles,
author = {Lawrence, C.A.},
year = {2014},
month = {01},
pages = {1-437},
title = {High Performance Textiles and Their Applications}
}

@book{GeneralizedContinuumMechanics,
author = {Angela Madeo},
year = {2015},
month = {09},
title = {Generalized Continuum Mechanics and Engineering Applications},
isbn = {9781785480324},
publisher={Elsevier Science},
}

@book{AdvancesDamageMechanics,
author = {Voyiadjis, George and Kattan, Peter},
year = {2006},
month = {01},
pages = {},
title = {Advances in Damage Mechanics: Metals and Metal Matrix Composites With an Introduction to Fabric Tensors},
journal = {Advances in Damage Mechanics: Metals and Metal Matrix Composites With an Introduction to Fabric Tensors},
doi = {10.1016/B978-0-08-044688-2.X5000-0}
}

@book{AdvancedDentalBiomaterials,
author = {Sultan, Zohaib and Najeeb, Shariq and Zafar, M S and Sefat, Farshid and Matinlinna, Jukka},
year = {2019},
month = {06},
pages = {},
title = {Advanced Dental Biomaterials},
isbn = {9780081024768}
}

@online{BakelitePhenolics,
author={nimrodplastics},
title={Bakelite},
year={},
url={http://www.nimrodplastics.com.au/product-bakelite.htm},  
urldate={06.09.2019},
}

@techreport{SystemRequirements,
author={Jens and Timo Jacobs Lubbers},
title={Smart X-Cell Production SYSTEM RQUIREMENTS DOCUMENT},
institution={HAN automotive Research},
year={2015},
month={01},
}



@Manual{MatlabControl,
	title = {CONTROL OF A FANUC ROBOTIC ARM USING MATLAB MANUAL},
	author = {Ashwin Kumar Venkatesan 
	Keyvan Noury 
	Tiezheng Zhao 
	Fady Tourdas },
	organization = {USCViterbi School of Engineering - Aerospace and Mechanical Engineering department},
}

@Manual{DenavitHartenbergKonventionen,
	title = {Denavit-Hartenberg-Konventionen},
	author = {Prof. Dr. Klaus Wuest},
	organization = {Technische Hochschule Mittelhessen},
address = {Wiesenstrasse 14, 35390 Giessen, Deutschland},
month = {06},
year = {2018},
}

@Misc{DenavitHartenbergLesson,
	author = {Peter Corke},
	title = {Lesson on Denavit-Hartenberg notation},
	howpublished = {Website},
	month = {04},
	year = {2017},
	link = {https://robotacademy.net.au/lesson/denavit-hartenberg-notation/},
}

@Unpublished{ProjectPlan,
	author = {Karl Wallkum},
	title = {Using FANUC R-2000iC/210F
	(6-axis robot) for improved efficiency in FRC parts formation},
	note = {Major Project Plan},
	month = {11},
	year = {2019},
}

@Misc{FHEM,
	howpublished = {Internet Wiki},
	note = {https://fhem.de/},
}

@Misc{SPC,
	howpublished = {Project Website},
	note = {https://specials.han.nl/sites/automotive-research/smart-cell/index.xml},
}

@Misc{IPKW,
	howpublished = {Homepage},
	note = {https://www.ipkw.nl},
}

@Misc{SmartIndustryLogo,
	author = {Life augmented Blog},
	howpublished = {Blopost},
	month = {06},
	year = {2016},
	note = {https://blog.st.com/smart-industry-the-future-of-manufacturing/},
}

@Misc{RoomTemp,
	howpublished = {website},
	note = {http://knxtoday.com/2019/11/14539/knx-thermostats-intelligence-in-heating-control.html},
}


@InCollection{NFC,
	author = {Cameron Faulkner },
	title = {What is NFC? Everything you need to know},
	publisher = {Future US Inc},
	year = {2017},
	editor = {rechradar},
	note = {LINK: https://www.techradar.com/news/what-is-nfc},
}

@Misc{Trung,
	author = {Trung Nguyen},
	note = {Company Supervisor for project},
}

@Article{6axisRobot,
	author = {    Urbanic, R. J.},
	title = {Methods for Evaluating the Functional Work Space for Machine Tools and 6 Axis Serial Robots. },
	journal = {SAE International Journal of Materials \& Manufacturing. },
	year = {2016},
	volume = {9},
	number = {2},
	pages = {465-473},
	month = {05},
}



@Book{IndustrialRobotArm,
	author = {Mike Wilson},
	title = {Implementation of Robot Systems},
	publisher = {Butterworth-Heinemann},
	year = {2015},
	note = {An Introduction to Robotics, Automation, and Successful Systems Integration in Manufacturing},
	DOI = {https://doi.org/10.1016/C2012-0-00795-8},
}

@Misc{InvKinDef,
	title = {Inverse kinematics},
	howpublished = {online encyclopedia},
	link = {https://en.wikipedia.org/wiki/Inverse_kinematics},
}

@Misc{CorkeRoboticsToolbox,
	author = {Peter Corke},
	title = {
	Robotics Toolbox
	},
	howpublished = {Homepage of Peter Corke},
	link = {https://petercorke.com/wordpress/toolboxes/robotics-toolbox},
}

@Misc{MotionPlanning,
	howpublished = {Article in online encyclopedia},
	link = {https://en.wikipedia.org/wiki/Motion_planning},
}

@Misc{RobotDynamics,
	author = {Roy Featherstone},
	title = {Robot dynamics},
	howpublished = {Online Encyclopedia},
	month = {10},
	year = {2011},
	DOI = {doi:10.4249/scholarpedia.3829},
	link = {http://www.scholarpedia.org/article/Robot_dynamics},
}

@Misc{ROS,
	author = {Open Robotics},
	howpublished = {Website of ROS project},
	link = {https://www.ros.org/},
}
