%https://en.wikibooks.org/wiki/LaTeX/Bibliography_Management

%Multiple authors separate by keyword and 
%https://tex.stackexchange.com/questions/343163/error-in-bib-entry-too-many-commas

%Biblatex cheat sheet
%http://tug.ctan.org/info/biblatex-cheatsheet/biblatex-cheatsheet.pdf




@online{RobotDynamics,
	author = {Roy Featherstone},
	title = {Robot dynamics},
	date = {21},
	url = {http://www.scholarpedia.org/article/Robot_dynamics},
	language = {english},
	version = {revision #91723},
	organization = {Brain Corporation},
	month = {10},
	year = {2011},
	urldate = {2020-01-25},


